 \input{./bibliography/text_sources.bib}
 \input{./bibliography/figure_sources.bib}
